<record><leader>00000cas a2200000Ka 4500</leader><controlfield tag="001">30145742</controlfield><controlfield tag="008">940414d1908190ualuwr ne      0    0eng d</controlfield><controlfield tag="009">2720</controlfield><datafield ind1=" " ind2=" " tag="010"><subfield code="a">sn 94060441 </subfield></datafield><datafield ind1=" " ind2=" " tag="040"><subfield code="a">AAR</subfield><subfield code="b">eng</subfield><subfield code="c">AAR</subfield><subfield code="d">OCLCQ</subfield></datafield><datafield ind1="0" ind2=" " tag="130"><subfield code="a">Marion County republican (Hamilton, Ala.)</subfield></datafield><datafield ind1="1" ind2="4" tag="245"><subfield code="a">The Marion County republican.</subfield></datafield><datafield ind1=" " ind2=" " tag="260"><subfield code="a">Hamilton, Marion County, Ala. :</subfield><subfield code="b">Ford Pub. Co.,</subfield><subfield code="c">1908-</subfield></datafield><datafield ind1=" " ind2=" " tag="300"><subfield code="a">v.</subfield></datafield><datafield ind1=" " ind2=" " tag="310"><subfield code="a">Weekly</subfield></datafield><datafield ind1="0" ind2=" " tag="362"><subfield code="a">Vol. 1, no. 1 (Oct. 6, 1908)-</subfield></datafield><datafield ind1=" " ind2=" " tag="752"><subfield code="a">United States</subfield><subfield code="b">Alabama</subfield><subfield code="c">Marion</subfield><subfield code="d">Hamilton.</subfield></datafield></record>